@misc{terraform_docs,
	title = {{Documentazione Terraform}},
	howpublished = {\url{https://www.terraform.io/docs}},
	note = {Accessed: \today}
}

@misc{github_issue_11766,
	title = {{Issue Github 11766}},
	howpublished = {\url{https://github.com/hashicorp/terraform/issues/11766}},
	note = {Accessed: \today}
}

@misc{github_issue_14511,
	title = {{Issue Github 14511}},
	howpublished = {\url{https://github.com/hashicorp/terraform/issues/14511}},
	note = {Accessed: \today}
}

@misc{wikipedia,
	title = {{Wikipedia homepage}},
	howpublished = {\url{https://wikipedia.org/}},
	note = {Accessed: \today}
}
@misc{terraform,
	title = {{Terraform homepage}},
	howpublished = {\url{https://www.terraform.io}},
	note = {Accessed: \today}
}
@misc{terraform_registry,
	title = {{Terraform registry homepage}},
	howpublished = {\url{https://registry.terraform.io}},
	note = {Accessed: \today}
}
@misc{terraform_cli,
	title = {{Terraform cli v1.0.3}},
	howpublished = {\url{https://releases.hashicorp.com/terraform/1.0.3/}},
	note = {Accessed: \today}
}
@misc{terraform_aws,
	title = {{Provider ufficale Terraform per AWS v3.52.0}},
	howpublished = {\url{https://registry.terraform.io/providers/hashicorp/aws/3.52.0}},
	note = {Accessed: \today}
}
@misc{terraform_aws_auth,
	title = {{Autenticazione per il provider ufficale Terraform per AWS v3.52.0}},
	howpublished = {\url{https://registry.terraform.io/providers/hashicorp/aws/3.52.0/docs#environment-variables}},
	note = {Accessed: \today}
}
@misc{aws_t_2,
	title = {{Amazon t2}},
	howpublished = {\url{https://aws.amazon.com/ec2/instance-types/t2/}},
	note = {Accessed: \today}
}
@misc{graphviz,
	title = {{Graphviz homepage}},
	howpublished = {\url{https://www.graphviz.org/}},
	note = {Accessed: \today}
}
@misc{terraform_eks,
	title = {{Modulo ufficale Terraform per EKS su AWS v17.1.0}},
	howpublished = {\url{https://registry.terraform.io/modules/terraform-aws-modules/eks/aws/17.1.0}},
	note = {Accessed: \today}
}

@misc{terraform_tarjan,
	title = {{Source code dell'algoritmo di Tarjan utilizzato da Terraform}},
	howpublished = {\url{https://github.com/hashicorp/terraform/blob/2f152f1139971c6c32b0d4f65aec0a392ba48d68/internal/dag/tarjan.go}},
	note = {Accessed: \today}
}

@book{texbook,
  author = {L. Aceto and A. Ingolfsdottir and K.G. Larsen and J. Srba},
  year = {2007},
  title = {Reactive systems},
  publisher = {Cambridge University Press}
}





